@article{Goodfellow2014GenerativeNetworks,
    title = {{Generative Adversarial Networks}},
    year = {2014},
    journal = {Communications of the ACM},
    author = {Goodfellow, Ian and Pouget-Abadie, Jean and Mirza, Mehdi and Xu, Bing and Warde-Farley, David and Ozair, Sherjil and Courville, Aaron and Bengio, Yoshua},
    number = {11},
    month = {6},
    pages = {139--144},
    volume = {63},
    publisher = {Association for Computing Machinery},
    url = {https://arxiv.org/abs/1406.2661v1},
    doi = {10.48550/arxiv.1406.2661},
    issn = {15577317},
    arxivId = {1406.2661}
}